<?xml version="1.0" encoding="UTF-8"?><collection xmlns="http://www.loc.gov/MARC21/slim"><record><leader>00467nam--2200157-i-4500</leader><controlfield tag="001">000047272</controlfield><controlfield tag="002">20161230</controlfield><controlfield tag="005">20170129004711</controlfield><controlfield tag="008">060222s1000------------r-----000-0-eng-d</controlfield><datafield ind1=" " ind2=" " tag="245"><subfield code="a">Physical methods of organic chemistry. 3-rd completely revised and augmented edition</subfield></datafield><datafield ind1=" " ind2=" " tag="260"><subfield code="a">New York</subfield><subfield code="b">Interscience</subfield><subfield code="c">1959</subfield></datafield><datafield ind1=" " ind2=" " tag="300"><subfield code="a">X+894 p.+24 p</subfield></datafield><datafield ind1=" " ind2=" " tag="490"><subfield code="a">Technique Of Organic Chemistry</subfield></datafield><datafield ind1=" " ind2=" " tag="700"><subfield code="a">Weissberger,Arnold</subfield></datafield><datafield ind1=" " ind2=" " tag="852"><subfield code="a">12776</subfield></datafield><datafield ind1=" " ind2=" " tag="CAT"><subfield code="a">SYS</subfield><subfield code="c">20170129</subfield><subfield code="h">004711</subfield></datafield></record></collection>